@article{DBLP:journals/ml/Quinlan86,
  author    = {J. Ross Quinlan},
  title     = {Induction of Decision Trees},
  journal   = {Mach. Learn.},
  volume    = {1},
  number    = {1},
  pages     = {81--106},
  year      = {1986},
  url       = {https://doi.org/10.1023/A:1022643204877},
  doi       = {10.1023/A:1022643204877},
  timestamp = {Mon, 02 Mar 2020 00:00:00 +0100},
  biburl    = {https://dblp.org/rec/journals/ml/Quinlan86.bib},
  bibsource = {dblp computer science bibliography, https://dblp.org}
}
